
 @inbook{pitfalls, 
  title={Pitfalls of OWL-S: a practical semantic web use case}, 
  url={http://portal.acm.org/citation.cfm?id=1035167.1035209}, 
  booktitle={Proceedings of the 2nd international conference on Service oriented computing}, 
  publisher={ACM}, 
  author={Balzer, Steffen and Liebig, Thorsten and Wagner, Matthias}, 
  year={2004}, 
  pages={289–298}}

  @article{semantics_to_webservices, 
  title={Bringing Semantics to Web Services with OWL-S}, 
  volume={10}, 
  url={http://www.springerlink.com/index/10.1007/s11280-007-0033-x}, 
  number={3}, 
  journal={World Wide Web Internet And Web Information Systems}, 
  publisher={Springer Netherlands}, 
  author={Martin, David and Burstein, Mark and McDermott, Drew and McIlraith, Sheila and Paolucci, Massimo and Sycara, Katia and McGuinness, Deborah L and Sirin, Evren and Srinivasan, Naveen}, 
  year={2007}, 
  pages={243--277}}
  
  @article{owls_approach, 
  title={Bringing Semantics to Web Services: The OWL-S Approach}, 
  volume={3387}, 
  url={http://eprints.soton.ac.uk/263000/}, 
  number={Swswpc 2004}, 
  journal={Lecture Notes in Computer Science}, 
  publisher={Springer}, 
  author={Martin, David and Paolucci, Massimo and McIlraith, Sheila and Burnstein, Mark and McDermott, Drew and McGuinness, Deborah and Parsia, Bijan and Payne, Terry R and Sabou, Marta and Solanki, Monika and et al.},
  editor={Cardoso, Jorge and Sheth, Amit PEditors}, 
  year={2004}, 
  pages={26 -- 42}}
  
  @article{OWLS, 
  title={OWL-S: Semantic Markup for Web Services}, 
  volume={22},
  url={http://eprints.soton.ac.uk/262687/}, 
  number={2008-01-07}, 
  journal={W3C Member Submission}, 
  publisher={World Wide Web Consortium}, 
  author={Martin, David and Burstein, Mark and Hobbs, Jerry and Lassila, Ora and McDermott, Drew and McIlraith, Sheila and Narayanan, Srini and Paolucci, Massimo and Parsia, Bijan and Payne, Terry R and et al.},
  editor={Martin, DavidEditor}, 
  year={2004}, 
  pages={2007–04}}
  
  @article{Ontology_Document_Recommendation_Group_Reserved_2009, 
  title={OWL 2 Web Ontology Language Document Overview}, 
  volume={2}, 
  url={http://www.w3.org/TR/owl2-overview/}, 
  number={October}, 
  journal={October}, 
  publisher={W3C}, 
  author={Ontology, Web and Document, Language and Recommendation, Latest and Group, O W L Working and Reserved, All Rights}, 
  year={2009}, 
  pages={1--12}}
  
  @article{semweb, 
  title={The Semantic Web}, 
  volume={284},
  url={http://www.nature.com/doifinder/10.1038/scientificamerican0501-34}, 
  number={5}, 
  journal={Scientific American}, 
  publisher={Citeseer}, 
  author={Berners-Lee, Tim and Hendler, James and Lassila, Ora}, 
  editor={Aberer, Karl and Choi, Key-Sun and Noy, Natasha and Allemang, Dean and Lee, Kyung-Il and Nixon, Lyndon and Golbeck, Jennifer and Mika, Peter and Maynard, Diana and Mizoguchi, Riichiro and et al.Editors},
  year={2001}, 
  pages={34--43}}
  
  @ONLINE{daml,
author = {OWL-S-Coalition},
title = {OWL-S 1.2 Release: Examples},
year = {2012},
url = {http://www.ai.sri.com/daml/services/owl-s/1.2/examples.html}
}